@Misc{NEAMS,
  title = "{NEAMS: The Nuclear Energy Advanced Modeling and Simulation 
  Program}",
  howpublished = {\url{http://people.nas.nasa.gov/~pulliam/Overflow/Overflow_Manuals.html}},
}

@misc{ice,
    title="{The Eclipse Integrated Computational Environment}",
    howpublished={\url{http://www.eclipse.org/ice}}
}

@misc{mpact,
    title="{MPACT | ORNL}",
    howpublished={\url{https://www.ornl.gov/division/rnsd/projects/mpact}}
}

@misc{cobra_tf,
    title="{CTF User's Group - Reactor and Fuels Modelling Group}",
    howpublished={\url{https://www.ne.ncsu.edu/rdfmg/cobra-tf/}}
}

@misc{bison,
    title="{BISON - Home}",
    howpublished={\url{https://bison.inl.gov/SitePages/Home.aspx}}
}

@misc{verain_github,
    title="{CASL/VERAin: VERA common input processor}",
    howpublished={\url{https://github.com/CASL/VERAin}},
    note="{last accessed, February 2017}"
}

@misc{verain_license,
    title="{VERAin/LICENSE at master - CASL/VERAin}",
    howpublished={\url{https://github.com/CASL/VERAin/blob/master/LICENSE}},
    note="{last accessed, February 2017}"
}

@misc{Mayavi,
    title="{enthought/mayavi: 3D Visualization of scientific data in Python}",
    howpublished={\url{https://github.com/enthought/mayavi}},
    note="{last accessed, January 2017}"
}

@misc{flex_github,
    title="{westes/flex: The Fast Lexical Analyzer}",
    howpublished={\url{https://github.com/westes/flex}},
    note="{last accessed, February 2017}"
}

@misc{explorer3d_github,
    title="{mayavi/examples/mayavi/explorer - enthought/mayavi}",
    howpublished={\url{https://github.com/enthought/mayavi/tree/master/examples/mayavi/explorer}},
    note="{last accessed, January 2017}"
}

@misc{vtk_web,
    title="{VTK - The Visualization Toolkit}",
    howpublished={\url{http://www.vtk.org/}},
    note="{last accessed, January 2017}"
}

@misc{vera_release_notes,
    title="{VERA 3.5 - Release Notes - DRAFT 6.docx}",
    howpublished={\url{http://info.ornl.gov/sites/publications/files/Pub68023.pdf}},
    note="{last accessed, February 2017}"
}

@misc{canopy_veraview,
    title="{Canopy for VERAView Installation Guide}",
    howpublished={\url{http://info.ornl.gov/sites/publications/files/Pub71213.pdf}},
    note="{last accessed, January 2017}"
}

@misc{epd_package_list,
    title="{Scientific and Analytic Python Package Index | Enthought Canopy}",
    howpublished={\url{https://www.enthought.com/products/canopy/package-index/}},
    note="{last accessed, February 2017}"
}

@misc{envisage_overview,
    title="{Envisage :: Enthought, Inc.}",
    howpublished={\url{http://code.enthought.com/projects/envisage/}},
    note="{last accessed, January 2017}"
}

@misc{envisage_workbench_doc,
    title="{Workbench -- Envisage Documentation}",
    howpublished={\url{http://docs.enthought.com/envisage/envisage_core_documentation/workbench.html}},
    note="{last accessed, February 2017}"
}

@misc{about_casl,
    title="{Consortium for Advanced Simulation of Light Water Reactors}",
    howpublished={\url{http://www.casl.gov/about-casl.shtml}},
    note="{last accessed, February 2017}"
}

@techreport{verain_input,
    title="{VERA Common Input - User Manual}",
    author={Scott Palmtag, Andrew Godfrey},
    institution={Consortium for Advanced Simulation of LWRs},
    month={February},
    year={2015}
}

@techreport{vera_tools_workflow,
    title="{VERA Tools Workflow}",
    author={Rose Montgomery},
    institution={Consortium for Advanced Simulation of LWRs},
    month={March},
    year={2014}
}

@misc{canopy_overview,
    title="{Python Distribution and Integrated Analysis Environment}",
    howpublished={\url{https://www.enthought.com/products/canopy/}},
    note={last accessed, January 2016}
}

@misc{iter_design,
        title="{Summary of the ITER final design report, 2001 }",
        howpublished={\url{http://www-pub.iaea.org/MTCD/Publications/PDF/ITER-EDA-DS-22.pdf}}
}
@misc{nek5000,
        title="{Nek5000}",
        howpublished={\url{https://nek5000.mcs.anl.gov/}}
}

@misc{buildbot,
        title="{Buildbot - The Continuous Integration Framework}",
        howpublished={\url{https://buildbot.net/}}
}
@misc{SALOME,
        title="{SALOME - The Open Source Integration Platform for Numerical Simulation}",
        howpublished={\url{https://salome-platform.orf}}
}
@misc{DAKOTA,
        title="{DAKOTA - Explore and Predict with Confidence }",
        howpublished={\url{https://dakota.sandia.gov/}}
}
@misc{MOOSE,
        title="{MOOSE - Open Source Multiphysics }",
        howpublished={\url{http://mooseframework.org/}}
}
@misc{GVVCSM,
        title="{Guide for Verfication and Validation in Computational Solid Mechanics: ASME V\&V 10-2006}",
        howpublished={\url{https://www.asme.org/products/codes-standards/v-v-10-2006-guide-verification-validation}}
}
@misc{NEAMSVV,
        title="{NEAMS Software Verification and Validation Plan Requirements V0}",
        howpublished={\url{https://preview.tinyurl.com/y8q7zr2v}}
}



@misc{reactor_demo,
        title="{NiCE - Updated Reactor Analyzer Demo}",
        howpublished={\url{https://www.youtube.com/watch?v=lpd1GYNs57I}}
}
@misc{vaadin,
	title="{Vaadin Bakery App Demo}",
	howpublished={\url{https://bakery.demo.vaadin.com/login.html}}
}

@article{Lowell1,
  author = {D. Lowell and J. Godwin, J. Holewinski and D. Karthik and C. Choudary and A. 
  Mametjanov and B. Norris and G. Sabin and P. Sadayappan and J. Sarich},
  title = {Stencil-aware GPU Optimization of Iterative Solvers}, 
  journal = {SIAM Journal on Scientific Computing},
  volume = {35},
  number = {5},
  year =  {2013}
}

@ARTICLE{Choudary1,
  author = {C. Choudary and S. Mazumder},
  title = {Direct Numerical Simulation of Catalytic Combustion in a 
  Multi-Channel Monolith 
Reactor Using Personal Computers with Emerging Architectures}, 
  journal = {Computers and Chemical Engineering},
  volume = {61},
  pages = {175-184},
  year =  {2014}
}


@article{Vera_ds,
title = "A domain-specific analysis system for examining nuclear reactor simulation data for light-water and sodium-cooled fast reactors",
journal = "Annals of Nuclear Energy",
volume = "85",
pages = "856 - 868",
year = "2015",
issn = "0306-4549",
doi = "https://doi.org/10.1016/j.anucene.2015.07.002",
url = "http://www.sciencedirect.com/science/article/pii/S0306454915003606",
author = "Jay Jay Billings and Jordan H. Deyton and S. Forest Hull and Eric J. Lingerfelt and Anna Wojtowicz",
keywords = "Nuclear reactors, LWR, SFR, Simulation, Modeling, High-performance computing"
}



@MISC{britton_debugging,
    author = {Tom Britton and Lisa Jeng and Graham Carver and Paul Cheak},
    title = {Reversible Debugging Software “Quantify the time and cost saved using reversible debuggers”},
    year = {}
}