


@misc{moose,
        title="{The MOOSE Framework}",
        howpublished={\url{http://www.mooseframework.org/}}
}

@misc{dodvv,
        title="{DoD VV\&A Recommended Practices Guide }",
        howpublished={\url{https://vva.msco.mil/}}
}

@article{hypre-assumed,
  title={An assumed partition algorithm for determining processor inter-communication},
  author={Baker, Allison H and Falgout, Robert D and Yang, Ulrike Meier},
  journal={Parallel Computing},
  volume={32},
  number={5-6},
  pages={394--414},
  year={2006},
  publisher={Elsevier}
}

@article{hypre-nine,
  title={Communication support for adaptive communication.},
  author={ Pinar, A and Hendrickson, B},
  journal={In Proceedings of the 10th SIAM Conference on Parallel Processing},
  year={2001}
}