@ARTICLE{Salsa2005, 
author={Demmel, J. and Dongarra, J. and Eijkhout, V. and Fuentes, E. and Petitet, A. and Vuduc, R. and Whaley, R.C. and Yelick, K.}, 
title={Self-Adapting Linear Algebra Algorithms and Software}, 
journal={Proceedings of the IEEE},
year={2005}, 
month={feb. }, 
volume={93}, 
number={2}, 
pages={293 -312}, 
keywords={BLAS;Basic Linear Algebra Subprograms;high performance kernels;linear solver algorithms;self adapting linear algebra algorithms;self adapting linear algebra software;software libraries;software packages;linear algebra;mathematics computing;operating system kernels;software libraries;software packages;}, 
doi={10.1109/JPROC.2004.840848}, 
ISSN={0018-9219},}


@ARTICLE{Bhowmick2010ADT,
  author = {S. Bhowmick and V. Eijkhout and Y. Freund and E. Fuentes and D. Keyes},
  title = {Application of Alternating Decision Trees in Selecting Sparse Linear
        Solvers},
  year = {2010},
  booktitle = {Software Automatic Tuning: From Concepts to the State-of-the-Art
        Results},
  editor = {K. Naono and K. Teranishi and J. Cavazos and R. Suda}
}

@article{Bhowmicketal:application,
title = {Application of Machine Learning to the Selection of Sparse Linear Solvers},
author = {S. Bhowmick and V. Eijkhout and Y. Freund and E. Fuentes and D. Keyes},
journal = IJHPCA,
year = 2006,
note = {submitted}
}

@inproceedings{Eller2012,
  author    = {Paul R. Eller and
               Jing-Ru C. Cheng and
               Robert S. Maier},
  title     = {Dynamic Linear Solver Selection for Transient Simulations
               Using Machine Learning on Distributed Systems},
  booktitle = {IPDPS Workshops},
  year      = {2012},
  pages     = {1915-1924},
  ee        = {http://doi.ieeecomputersociety.org/10.1109/IPDPSW.2012.239},
  bibsource = {DBLP, http://dblp.uni-trier.de}
}

@article{Weka,
  author = {Mark Hall and Eibe Frank and Geoffrey Holmes and Bernhard Pfahringer and Peter Reutemann and Ian H. Witten},
  year = {2009},
  title = {The {WEKA} Data Mining Software: An Update},
  journal = {SIGKDD Explorations},
  volume = {11},
  issue = {1}
  }

@inproceedings{Li:CQoSA:2009,
  author = {Li Li and Joseph P. Kenny and Meng-Shiou Wu and Kevin Huck and Alexander Gaenko and Mark S. Gordon and Curtis L. Janssen and Lois Curfman McInnes and Hirotoshi Mori and Heather M. Netzloff and Boyana Norris and Theresa L. Windus},
  title = {Adaptive Application Composition in Quantum Chemistry},
  year = {2009},
  month = {February},
  booktitle = {Proceedings of The 5th International Conference on the Quality of Software Architectures (QoSA 2009)},
  note = {Also available as Preprint ANL/MCS-P1575-0209},
  url = {http://www.mcs.anl.gov/uploads/cels/papers/P1575.pdf},
  eprint_url = {http://eprints.cca-forum.org/176/}
}

@inproceedings{McInnes:2003:MITCFD,
  author = {L. McInnes and B. Norris and S. Bhowmick and P. Raghavan},
  title = {Adaptive Sparse Linear Solvers for Implicit {CFD} Using {N}ewton-{K}rylov Algorithms},
  booktitle = {Proceedings of the Second {MIT} Conference on Computational Fluid and
  Solid Mechanics, Massachusetts Institute of Technology, Boston, USA, June
17-20, 2003},
  publisher = {Elsevier},
  pages = {1024--1028},
  mynote = {Argonne National Laboratory preprint ANL/MCS-P998-0902, 2003},
  year = 2003
}

@InProceedings{Li:PARA:2008,
        author = {Li Li and Boyana Norris and Henrik Johansson and Lois Curfman McInnes and Jaideep Ray},
        title = {Component Infrastructure for Managing Performance Data and Runtime Adaptation of Parallel Applications},
        booktitle = {Proceedings of PARA08: 9th International Workshop on State-of-the-Art in Scientific and Parallel Computing, May 13-16, 2008},
        year = {2008},
        address = {Trondheim, Norway}
}

@Article{Bhowmick:2004:FGCS,
  title =       "Faster {PDE}-based simulations using robust composite
                 linear solvers",
  author =      "Sanjukta Bhowmick and Padma Raghavan and Lois C.
                 McInnes and Boyana Norris",
  journal =     "Future Generation Computer Systems",
  year =        "2004",
  number =      "3",
  volume =      "20",
  bibdate =     "2004-04-30",
  bibsource =   "DBLP,
                 http://dblp.uni-trier.de/db/journals/fgcs/fgcs20.html#BhowmickRMN04",
  pages =       "373--387",
  URL =         "http://dx.doi.org/10.1016/j.future.2003.07.012",
}


@InProceedings{Bhowmick:2005:PCFD,
  author =     {S. Bhowmick and D. Kaushik and L. McInnes and B. Norris and P. Raghavan}, 
  title =      {Parallel Adaptive Solvers in Compressible {PETSc-FUN3D} Simulations},
  booktitle =  {Proceedings of the 17th International Conference 
               on Parallel Computational Fluid Dynamics, University of Maryland, College Park, 
               MD, May 24--27},
  year =       {2005},
  note =     {Preprint ANL/MCS-P1279-0805},
  URL  =        {ftp://info.mcs.anl.gov/pub/tech_reports/reports/P1279.pdf}
}

@InProceedings{Norris:2005:PCFD,
  author =     {B. Norris and L. McInnes and I. Veljkovic}, 
  title =      {Computational Quality of Service in Parallel {CFD}},
  booktitle =   {Proceedings of the 17th
                International Conference on Parallel Computational Fluid Dynamics, University
                of Maryland, College Park, MD, May 24--27},
  year =       {2005},
  note =     {Preprint ANL/MCS-P1283-0805},
  URL =         {ftp://info.mcs.anl.gov/pub/tech_reports/reports/P1283.pdf} 
}

@phdthesis{Fuentes,
	author = {Erika Fuentes}, 
	title = "Statistical and Machine Learning Techniques Applied to Algorithm Selection for Solving Sparse Linear Systems",
	institution = {University of Tennessee},
	year = {2007},
	url = {http://trace.tennessee.edu/utk_graddiss/171}
}

@INPROCEEDINGS{Ramakrishnan, 
author={Kang, P. and Heffner, M. and Mukherjee, J. and Naren Ramakrishnan and Srinidhi Varadarajan and Ribbens, C. and Tafti, D.K.}, 
booktitle={Proceedings of the Parallel and Distributed Processing Symposium},
title={The Adaptive Code Kitchen: Flexible Tools for Dynamic Application Composition}, 
year={2007}, 
month={march}, 
volume={}, 
number={}, 
pages={1 -8}, 
keywords={adaptive code kitchen;dynamic application composition;dynamic process checkpointing;grid computing;checkpointing;grid computing;}, 
doi={10.1109/IPDPS.2007.370493}, 
ISSN={},}

@techreport{Zhang,
	author = {S. Xu and J. Zhang}, 
	title = "{SVM} classification for predicting sparse matrix solvability with parameterized matrix preconditioners", 
	number = {458-06}, 
	institution = {Department of Computer Science, University of Kentucky},
	year = 2006 
	}
	
@inproceedings{Dhodapkar:2003,
 author = {Dhodapkar, Ashutosh S. and Smith, James E.},
 title = {Comparing Program Phase Detection Techniques},
 booktitle = {Proceedings of the 36th annual IEEE/ACM International Symposium on Microarchitecture},
 series = {MICRO 36},
 year = {2003},
 isbn = {0-7695-2043-X},
 pages = {217--},
 url = {http://dl.acm.org/citation.cfm?id=956417.956539},
 acmid = {956539},
 publisher = {IEEE Computer Society},
 address = {Washington, DC, USA},
} 
