@Misc{moose_precond,
  title = 	 "Preconditioning in MOOSE",
  howpublished = {\url{http://mooseframework.org/blog/preconditioning/}},
}


@Misc{overflow,
  title = 	 "User's Manual for OVERFLOW 2.2",
  howpublished = {\url{http://people.nas.nasa.gov/~pulliam/Overflow/Overflow_Manuals.html}},
}

@Misc{NEAMS,
  title = {:NEAMS: The Nuclear Energy Advanced Modeling and Simulation Program"},
  key ={NEAMS},
  howpublished = {\url{http://people.nas.nasa.gov/~pulliam/Overflow/Overflow_Manuals.html}},
}

@Misc{BISON,
  title = 	 "BISON Users Manual",
  howpublished = {\url{https://bison.inl.gov/SiteAssets/users1.1.pdf}},
  month = {October},
  year = {2014}  
}

@ARTICLE{Gaston1,
  author = {Derek R. Gaston et al.},
  title = {Physics-based multiscale coupling for full core nuclear reactor simulation}, 
  journal = {Annals of Nuclear Energy},
  volume = {84},
  pages = {45-54},
  year =  {2015}
}

@inproceedings{Gaston2,
  author    = {D. Gaston and G. Hansen and C. Newman},
  title     = {MOOSE: A Parallel Computational Framework For Coupled Systems of Nonlinear Equations},
  booktitle = {International Conference on Mathematics, Computational Methods and Reactor Physics},
  year      = {2009},
}


@inproceedings{Rashti,
  author    = {Mohammad Rashti and Gerald Sabin and David Vansickle and Boyana Norris},
  title     = {WattProf: A Flexible Platform For Fine-grained HPC Power Profiling},
  booktitle = {International Conference on Cluster Computing},
  year      = {2015},
}

@inproceedings{Powermon,
author = {D. Bedard and M. Y. Lim and R. Fowler and A. Porterfield},
title = {Powermon: Finegrained and integrated power monitoring for commodity computer systems},
booktitle = {Proceedings of the IEEE SoutheastCon 2010 (SoutheastCon)},
year = {2010},
}

@inproceedings{Powerinsight,
  author    = {J. H. Laros and P. Pokorny and D. DeBonis},
  title     = {Powerinsight-a commodity power measurement capability},
  booktitle = {International Green Computing Conference (IGCC)},
  year      = {2013},
}

@ARTICLE{Powerpack,
  author = {R. Ge and X. Feng and S. Song and H.-C. Chang and D. Li and K. W. Cameron},
  title = {Powerpack: Energy profiling and analysis of high-performance systems and applications},
  journal = {IEEE Transactions on Parallel and Distributed Systems},
  volume = {21},
  pages = {658-671},
  number = {5},
  year =  {2010}
}

@inproceedings{Weaver,
  author = {V. M. Weaver and M. Johnson and K. Kasichayanula and J. Ralph and P. Luszczek and D. Terpstra and and S. Moore},
  title = {Measuring Energy and Power with PAPI},
  booktitle =  {Proceedings of the 41st International Conference on Parallel Processing Workshops},
  year = {2012}, 
  pages= {262-268}
}

@inproceedings{McCraw,
  author = {H. McCraw and J. Ralph and A. Danalis and J. Dongarra},
  title = {Power monitoring with PAPI for extreme scale architectures and dataflow-based programming models},
  booktitle = {IEEE International Conference on Cluster Computing (CLUSTER)},
  year = {2014},
  pages = {385-391}
}

@inproceedings{Shoga,
  author = {K. Shoga and B. Rountree and M. Schulz and J. Shafer},
  title = {Whitelisting MSRs with msr-safe},
  booktitle = {3rd Workshop on Exascale Systems Programming Tools in conjunction with SC14}, 
  year = {2014}
}

@ARTICLE{Cabrera,
  author = {A. Cabrera and F. Almeida and J. Arteaga and V. Blanco},
  title = {Measuring energy consumption using Energy Measurement Library},
  journal = {Computer Science - Research and Development},
  volume = {30},
  year = {2015}
}


@ARTICLE{Choudary1,
  author = {C. Choudary and S. Mazumder},
  title = {Direct Numerical Simulation of Catalytic Combustion in a Multi-Channel Monolith 
Reactor Using Personal Computers with Emerging Architectures}, 
  journal = {Computers and Chemical Engineering},
  volume = {61},
  pages = {175-184},
  month = {October},
  year =  {2014}
}


@ARTICLE{Jin,
  author = {Yaochu Jin and Bernard Sendhoff},
  title = {Pareto-Based Multiobjective Machine Learning: An Overview and Case Studies}, 
  journal = {IEEE Transactions on Systems, Man, and Cybernetics},
  volume = {38},
  pages = {397-415},
  month = {May},
  year =  {2008}
}



@inproceedings{Antz2015,
  author    = {Hartwig Anzt and Jack Dongarra and Enrique S. Quintana-Orti},
  title     = {Tuning Stationary Iterative Solvers for Fault Tolerance},
  booktitle = {Proceedings of the 6th Workshop on Latest Advances in Scalable Algorithms for Large-Scale Systems (ScalA)},
  year      = {2015},
}


@inproceedings{Du2012,
  author = {Peng Du and Piotr Luszczek and Jack Dongarra},
  title = {High Performance Dense Linear System Solver with Resilience to Multiple Soft Errors},
  booktitle = {International Conference on Computational Science (ICCS)},
  year = {2012}
}


@inproceedings{Elliott1,
  author = {James Elliott and Mark Hoemmen and Frank Mueller},
  title = {A Numerical Soft Fault Model for Iterative Linear Solvers},
  booktitle = {24th International Symposium on High-Performance Parallel and Distributed Computing (HPDC)},
  year = {2015}
}


@inproceedings{Elliott2,
  author = {James Elliott and Mark Hoemmen and Frank Mueller},
  title = {Evaluating the Impact of Silent Data Corruption on the GMRES Iterative Solver},
  booktitle = {28th International Symposium on Parallel and Distributed Processing (IPDPS)},
  year = {2014}
}

@misc{Elliott3, 
  author={James Elliott and Mark Hoemmen and Frank Mueller},
  title={Resilience in Numerical Methods: A Position on Fault Models and Methodologies, PrePrint},
  year={2014}
}

@inproceedings{Bronevetsky,
  author = {G. Bronevetsky and B. de Supinski},
  title = {Soft Error Vulnerability of Iterative Linear Algebra Methods},
  booktitle = {22nd Annual International Conference on Supercomputing},
  pages = {155-164},
  year = {2008}
}

@inproceedings{Malkowski,
  author = {K. Malkowski and P. Raghavan and M. Kandemir},
  title = {Analyzing the soft error resilience of linear solvers on multicore multiprocessors},
  booktitle = {IEEE International Symposium on Parallel and Distributed Processing (IPDPS)},
  pages = {1-12},
  year = {2010}
}

@inproceedings{Sloan,
  author = {J. Sloan, R. Kumar, and G. Bronevetsky},
  title = {Algorithmic approaches to low overhead fault detection for sparse linear solvers},
  booktitle = {Proceedings of the 2012 42nd Annual IEEE/IFIP International Conference on Dependable Systems and Networks (DSN)}, 
  year = {2012}
}


@inproceedings{Bridges,
  author = {Patrick G. Bridges, Kurt B. Ferreira, Michael A. Heroux, Mark Hoemmen},
  title = {Fault tolerant linear solvers via selective reliability},
  booktitle = {ArXiv e-prints}, 
  year = {2012}
}


@phdthesis{Zounon,
  TITLE = {{On numerical resilience in linear algebra}},
  AUTHOR = {Zounon, Mawussi},
  URL = {https://tel.archives-ouvertes.fr/tel-01231838},
  NUMBER = {2015BORD0038},
  SCHOOL = {{Universit{\'e} de Bordeaux}},
  YEAR = {2015},
  MONTH = Apr,
  TYPE = {Theses},
  PDF = {https://tel.archives-ouvertes.fr/tel-01231838/file/ZOUNON_MAWUSSI_2015.pdf},
  HAL_ID = {tel-01231838},
  HAL_VERSION = {v2},
}


@inproceedings{srb,
author = {Chaitanya Baru and Reagan Moore and Arcot Rajasekar and Michael Wan},
title = {The SDSC storage resource broker},
booktitle = {CASCON '98: Proceedings of the 1998 conference of the Centre for Advanced Studies on Collaborative research},
year = {1998},
pages = {5},
location = {Toronto, Ontario, Canada},
publisher = {IBM Press},
}




@inproceedings{Sudarshan02,
 title = {Predicting the Performance of Wide Area Data Transfers},
 booktitle = {IPDPS '02: Proceedings of the 16th International Symposium on Parallel and Distributed Processing},
 year = {2002},
 pages = {34},
 publisher = {IEEE Computer Society},
 address = {Washington, DC, USA},
 }



@InProceedings{xio,
  author = 	 {W. Allcock and J. Bresnahan and R. Kettimuthu and J. Link},
  title = 	 "{The Globus eXtensible Input/Output System (XIO): A
                  Protocol-Independent I/O System for the Grid}",
  OPTcrossref =  {},
  OPTkey = 	 {},
  booktitle = {High- Performance Grid Computing and High-Level
                  Parallel Programming Models in conjunction with
                  International Parallel and Distributed Processing
                  Symposium},
  OPTpages = 	 {},
  year = 	 {2005},
  OPTeditor = 	 {},
  OPTvolume = 	 {},
  OPTnumber = 	 {},
  OPTseries = 	 {},
  OPTaddress = 	 {},
  OPTmonth = 	 {},
  OPTorganization = {},
  OPTpublisher = {},
  OPTnote = 	 {},
  OPTannote = 	 {}
}

@Misc{petsc_home,
  OPTkey = 	 {},
  OPTauthor = 	 {},
  title = 	 {{Portable, Extensible Toolkit for Scientific Computation (PETSc)}},
  howpublished = {\url{http://www.mcs.anl.gov/petsc}},
  OPTmonth = 	 {},
  OPTyear = 	 {},
  OPTnote = 	 {},
  OPTannote = 	 {}
}

@TechReport{petsc-user-ref,
    Author      = "Satish Balay and Kris Buschelman and Victor Eijkhout and William D. Gropp and Dinesh Kaushik and Matthew G. Knepley and Lois Curfman McInnes and Barry F. Smith and Hong Zhang",
   Title              = "{PETS}c Users Manual",
   Number      = "ANL-95/11 - Revision 3.0.0",
   Institution = "Argonne National Laboratory",
   Year              = "2008"}

@InProceedings{petsc-efficient,
    Author     = "Satish Balay and William D. Gropp and Lois Curfman McInnes and Barry F. Smith",
   Title          = "Efficient Management of Parallelism in Object Oriented Numerical Software Libraries",
    Booktitle  = "Modern Software Tools in Scientific Computing",
    Editor       = "E. Arge and A. M. Bruaset and H. P. Langtangen",
    Pages       = "163--202",
    Publisher = "Birkh{\"{a}}user Press",
    Year           = "1997"}

@Manual{computational07ncss,
  title = 	 {Computational science requirements for leadership computing},
  key = 	 {ORNL/TM-2007/44},
  author = 	 {Kothe D and Kendall R},
  organization = {Oak Ridge National Laboratory},
  OPTaddress = 	 {},
  OPTedition = 	 {},
  OPTmonth = 	 {},
  year = 	 {2007},
  note = 	 {\url{http://nccs.gov/media-center/nccs-reports/}},
  OPTannote = 	 {}
}

@Manual{exascale_reqms,
  title = 	 {Scientific application requirements for leadership computing at the exascale},
  key = 	 {ORNL/TM-2007/238},
  author = 	 {Sean Ahern and Sadaf Alam  and Mark Fahey  and Rebecca Hartman-Baker  and Richard Barrett  and Ricky Kendall  and Douglas Kothe  and O.E. Messer  and Richard Mills  and Ramanan Sankaran  and Arnold Tharrington  and James B. White III },
  organization = {Oak Ridge National Laboratory},
  OPTaddress = 	 {},
  OPTedition = 	 {},
  OPTmonth = 	 {},
  year = 	 {2007},
  OPTnote = 	 {},
  OPTannote = 	 {}
}

@Misc{gtc,
  key = 	 {GTC},
  title = 	 {Gyrokinetic Particle Simulations Gyrokinetic Toroidal Code ({GTC})},
  howpublished = {\url{http://w3.pppl.gov/theory/proj_gksim.html}},
}

@Misc{PFLOTRAN,
  key = 	 {PFLOTRAN},
  title = 	 {Modeling Multiscale-Multiphase-Multicomponent Subsurface Reactive Flows Using Advanced Computing},
  howpublished = {\url{http://ees.lanl.gov/pflotran}},
}


@Misc{TAO,
  key = 	 {TAO},
  title = 	 {{Toolkit for Advanced Optimization (TAO)}},
  howpublished = {\url{http://www.mcs.anl.gov/research/projects/tao}},
}

@Misc{SLEPc,
  key = 	 {SLEPc},
  title = 	 {{SLEPc} - {S}calable Library for Eigenvalue Problem Computations},
  howpublished = {\url{http://www.grycap.upv.es/slepc}},
}

@Misc{vulcan2d,
  key = 	 {VULCAN/2D},
  title = 	 {{2D} Radiation/Hydrodynamic Simulations of Core Collapse},
  howpublished = {\url{http://www.astro.princeton.edu/~burrows/vulcan.html}},
}


@InCollection{conf/vecpar/CarterOS06,
  author = 	 {Jonathan Carter and Leonid Oliker and John Shalf},
  title = 	 {Performance Evaluation of Scientific Applications on Modern Parallel Vector Systems},
  booktitle = 	 {High Performance Computing for Computational Science - VECPAR 2006},
  pages = 	 {490--503},
  publisher = {Springer Berlin / Heidelberg},
  year = 	 {2007},
  doi =          {10.1007/978-3-540-71351-7},
  volume = 	 {4395/2007},
  series = 	 {Lecture Notes in Computer Science},
  month = 	 {May},
}

@inproceedings{Norris:Orio,
    author = "Boyana Norris and Albert Hartono and Elizabeth Jessup and Jeremy Siek",
    title = "Generating Empirically Optimized Composed Matrix Kernels from {MATLAB} Prototypes",
    booktitle = "Proceedings of the International Conference on Computational Science 2009",
    year = 2009,
    mynote = "Preprint ANL/MCS-P1581-0209",
    URL = {http://www.mcs.anl.gov/uploads/cels/papers/P1581.pdf}
}

@InProceedings{Hart2009:Orio,
    author="Albert Hartono and Boyana Norris and Ponnuswamy Sadayappan",
    title="Annotation-Based Empirical Performance Tuning Using {Orio}",
    booktitle="Proceedings of the 23rd  IEEE International Parallel \& Distributed Processing Symposium",
    address="Rome, Italy",
    mykeywords="empirical performance tuning, code generation",
    year = "2009",
    mynote =     {Preprint ANL/MCS-P1556-1008},
    URL  =        {http://www.mcs.anl.gov/uploads/cels/papers/P1556.pdf},
}

@InProceedings{Pluto,
   author = {U. Bondhugula and A. Hartono and J. Ramanujam and P. Sadayappan},
   title = {{Pluto}: {A} Practical and Fully Automatic Polyhedral Program Optimization System},
   booktitle = {Proceedings of the ACM SIGPLAN 2008 Conference on Programming Language Design and Implementation 
(PLDI 08)},
   address = {Tucson, AZ},
   month = {June},
   year = {2008},
}

@incollection{GKKS-2006,  
        AUTHOR = "W. D. Gropp and D. K. Kaushik and D. E. Keyes and B. F. Smith",
        TITLE = "A Parallel Implicit Solver for Diffusion Limited Radiation Transport Equations",
Series = "Lecture Notes in Computational Science and Engineering",
Volume  = "55",
booktitle = "Domain Decomposition Methods in Science and Engineering XVI",
Publisher = "Springer Berlin Heidelberg",
Pages   = "579--586",
        YEAR = "2007" 
} 
